<?xml version="1.0" encoding="UTF-8"?><record xmlns="http://www.loc.gov/MARC21/slim" xmlns:cinclude="http://apache.org/cocoon/include/1.0" xmlns:zs="http://www.loc.gov/zing/srw/">
  <leader>00760cz  a2200181n  4500</leader>
  <controlfield tag="001">n 2009020787</controlfield>
  <controlfield tag="003">DLC</controlfield>
  <controlfield tag="005">20130326104731.0</controlfield>
  <controlfield tag="008">090403n| azannaabn          |b aaa      </controlfield>
  <datafield tag="010" ind1=" " ind2=" ">
    <subfield code="a">n 2009020787</subfield>
  </datafield>
  <datafield tag="040" ind1=" " ind2=" ">
    <subfield code="a">DLC</subfield>
    <subfield code="b">eng</subfield>
    <subfield code="e">rda</subfield>
    <subfield code="c">DLC</subfield>
    <subfield code="d">DLC</subfield>
  </datafield>
  <datafield tag="046" ind1=" " ind2=" ">
    <subfield code="f">[1943,1944]</subfield>
    <subfield code="2">edtf</subfield>
  </datafield>
  <datafield tag="100" ind1="1" ind2=" ">
    <subfield code="a">Sulṭānī, Shahdah,</subfield>
    <subfield code="d">1943 or 1944-</subfield>
  </datafield>
  <datafield tag="400" ind1="1" ind2=" ">
    <subfield code="a">Soltani, Shahdeh,</subfield>
    <subfield code="d">1943 or 1944-</subfield>
  </datafield>
  <datafield tag="400" ind1="1" ind2=" ">
    <subfield code="w">nnea</subfield>
    <subfield code="a">Sulṭānī, Shahdah,</subfield>
    <subfield code="d">1943 or 4-</subfield>
  </datafield>
  <datafield tag="400" ind1="1" ind2=" ">
    <subfield code="a">سلطانى، شهده</subfield>
  </datafield>
  <datafield tag="667" ind1=" " ind2=" ">
    <subfield code="a">Non-Latin script references not evaluated</subfield>
  </datafield>
  <datafield tag="670" ind1=" " ind2=" ">
    <subfield code="a">Kitābshināsī-i Īrānʹshināsī va Islāmʹshināsī bar mabnā-yi majmūʻah-ʼi Kitābkhānah-i Millī, &lt;2007&gt;:</subfield>
    <subfield code="b">v. 2, t.p. (شهده سلطانى = Shahdah Sulṭānī) added t.p. (Shahdeh Soltani [in rom.])</subfield>
  </datafield>
</record>